%---------------------------------------------------------------------------%
%-                                                                         -%
%-                             Bibliography                                -%
%-                                                                         -%
%---------------------------------------------------------------------------%
@inproceedings{grecoNewRoughSet1998,
  title = {A {{New Rough Set Approach}} to {{Multicriteria}} and {{Multiattribute Classification}}},
  booktitle = {Rough {{Sets}} and {{Current Trends}} in {{Computing}}},
  author = {Greco, Salvatore and Matarazzo, Benedetto and Slowinski, Roman},
  year = {1998},
  pages = {60--67},
  publisher = {Springer Berlin Heidelberg},
  address = {Berlin, Heidelberg},
  isbn = {978-3-540-69115-0}
}

@article{lecun2015deep,
  title={Deep learning},
  author={LeCun, Yann and Bengio, Yoshua and Hinton, Geoffrey},
  journal={nature},
  volume={521},
  number={7553},
  pages={436--444},
  year={2015},
  publisher={Nature Publishing Group}
}

@misc{online2024deep,
    author = {BaiDu},
    title = {Apollo Home Page},
    url = {https://github.com/apolloauto},
    year = {2019},
}
%---------------------------------------------------------------------------%
